@inproceedings{lou2020understanding,
  title={Understanding, Detecting and Localizing Partial Failures in Large System Software},
  author={Lou, Chang and Huang, Peng and Smith, Scott},
  booktitle={17th $\{$USENIX$\}$ Symposium on Networked Systems Design and Implementation ($\{$NSDI$\}$ 20)},
  pages={559--574},
  year={2020}
}